% This file was created with JabRef 2.10b2.
% Encoding: UTF-8

@Manual{FGVcia,
  Title                    = {Pesquisa do Uso da TI},
  Author                   = {FERNANDO S. MEIRELLES},
  Organization             = {FGVcia},
  Year                     = {2023},

  Bdsk-url-1               = {https://static.poder360.com.br/2023/05/pesti-fgvcia-2023.pdf},
  Pages                    = {198},
  Subtitle                 = {Tecnologia de Informação nas Empresas},
  Timestamp                = {2023.11.12},
  Url                      = {https://static.poder360.com.br/2023/05/pesti-fgvcia-2023.pdf},
  Urlaccessdate            = {12 de novembro de 2023}
}

