@BOOK{campbell-1996-informationmachine
	AUTHOR =       {Martin Campbell-Kelly},
	TITLE =        {Computer: A History Of The Information Machine},
	PUBLISHER =    {Basic Books},
	YEAR =         {1996},
	isbn =         {9780465029891},
}


@BOOK{hennessy-2017-architecture
	AUTHOR =       {John L. Hennessy},
	TITLE =        {Computer Architecture: A Quantitative Approach 5th Edition},
	PUBLISHER =    {Morgan Kaufmann},
	YEAR =         {2017},
	isbn =         {978-8178672663},
}

@BOOK{hennessy-2013-computerorganization
	AUTHOR =       {John L. Hennessy},
	TITLE =        {Computer Organization and Design MIPS Edition: The Hardware/Software Interface },
	PUBLISHER =    {Morgan Kaufmann},
	YEAR =         {2013},
	isbn =         {978-0124077263},
}
